<record><leader>00000cas a22000007a 4500</leader><controlfield tag="001">10715244</controlfield><controlfield tag="008">840510d18421853nyuwr ne      0    0eng d</controlfield><datafield ind1=" " ind2=" " tag="010"><subfield code="a">sn 84031225 </subfield></datafield><datafield ind1=" " ind2=" " tag="040"><subfield code="a">NYG</subfield><subfield code="b">eng</subfield><subfield code="c">NYG</subfield><subfield code="d">NPX</subfield><subfield code="d">NYS</subfield><subfield code="d">OCL</subfield><subfield code="d">OCLCQ</subfield><subfield code="d">OCLCO</subfield></datafield><datafield ind1=" " ind2=" " tag="042"><subfield code="a">msc</subfield></datafield><datafield ind1=" " ind2=" " tag="043"><subfield code="a">n-us-ny</subfield></datafield><datafield ind1="0" ind2=" " tag="130"><subfield code="a">Allegany County advocate (Angelica, N.Y. : 1842)</subfield></datafield><datafield ind1="1" ind2="0" tag="245"><subfield code="a">Allegany County advocate.</subfield></datafield><datafield ind1=" " ind2=" " tag="260"><subfield code="a">Angelica, N.Y. :</subfield><subfield code="b">Erastus S. Palmer</subfield></datafield><datafield ind1=" " ind2=" " tag="300"><subfield code="a">v. :</subfield><subfield code="b">ill.</subfield></datafield><datafield ind1=" " ind2=" " tag="310"><subfield code="a">Weekly</subfield></datafield><datafield ind1="1" ind2=" " tag="362"><subfield code="a">Began in Jan. 1842.</subfield><subfield code="z">Cf. Gregory, W. Amer. newspapers.</subfield></datafield><datafield ind1="1" ind2=" " tag="362"><subfield code="a">Ceased with Jan. 20, 1853 issue.</subfield><subfield code="z">Cf. Faibisoff, S.G. Bibl. of newspapers in 14 N.Y. counties.</subfield></datafield><datafield ind1=" " ind2=" " tag="530"><subfield code="a">Available on microfilm from Micro Photo Division, Bell and Howell.</subfield></datafield><datafield ind1=" " ind2=" " tag="588"><subfield code="a">Description based on: Vol. 4, no. 46 (May 6, 1846).</subfield></datafield><datafield ind1=" " ind2="0" tag="651"><subfield code="a">Angelica (N.Y.)</subfield><subfield code="v">Newspapers.</subfield></datafield><datafield ind1=" " ind2="0" tag="651"><subfield code="a">Allegany County (N.Y.)</subfield><subfield code="v">Newspapers.</subfield></datafield><datafield ind1=" " ind2=" " tag="752"><subfield code="a">United States</subfield><subfield code="b">New York</subfield><subfield code="c">Allegany</subfield><subfield code="d">Angelica.</subfield></datafield><datafield ind1="0" ind2="7" tag="785"><subfield code="t">Cuba Whig</subfield></datafield><datafield ind1="0" ind2="7" tag="785"><subfield code="t">Whig and advocate</subfield><subfield code="w">(DLC)sn 84031241</subfield></datafield></record>